% ------------------------------------------------------------------------
% SAMPLE BIBLIOGRAPHY FILE
% ------------------------------------------------------------------------

@MISC{prime-number-theorem,
   author = "Charles Louis Xavier Joseph de la Vall{\'e}e Poussin",
   note = "A strong form of the prime number theorem, 19th century" }

% ------------------------------------------------------------------------

@BOOK{texbook,
   author = "Donald E. Knuth",
   title= "The {{\TeX}book}",
   publisher = "Addison-Wesley",
   year = 1984 }

@BOOK{latex,
   author = "Leslie Lamport",
   title = " {A} Document Preparation System",
   publisher = "Addison-Wesley",
   year = 1986 }

% ------------------------------------------------------------------------

@BOOK{RR73,
 author={H. Radjavi and P. Rosenthal},
 title={Invariant {Subspaces}},
 publisher={Springer-Verlag},
 address={New York},
 year={1973},
}

@BOOK{Aup91,
 author={B. Aupetit},
 title={A {Primer} on {Spectral} {Theory}},
 publisher={Springer-Verlag},
 address={New York},
 year={1991},
}


% ------------------------------------------------------------------------
@ARTICLE{GBM_survival,
 author={L. L. Morgan},
 title={“{The} epidemiology of glioma in adults: a "state of the science" review”},
 journal={Neuro Oncology},
 volume={17},
 year={2015},
 pages={623-624},
}

@ARTICLE{GBM_chemo,
 author={A. L. Rivera, C. E. Pelloski, M. R. Gilbert, H. Colman, C. De La Cruz, E. P. Sulman, B. N. Bekele, K. D. Aldape},
 title={“{MGMT} promoter methylation is predictive
of response to radiotherapy and prognostic in the absence of adjuvant alkylating chemotherapy for glioblastoma"},
 journal={Neuro Oncology},
 volume={12},
 year={2009},
 pages={116-121},
}

@ARTICLE{GBM_TMZ,
 author={Hegi ME, Diserens AC, Gorlia T},
 title={{“MGMT gene silencing and benefit from temozolomide in glioblastoma"}},
 journal={{N Engl J Med}},
 volume={352},
 year={2005},
 pages={997-1003},
}

@ARTICLE{GBM_TMZ_2,
 author={A. A. Brandes, E. Franceschi, A. Tosoni},
 title={{“MGMT Promoter Methylation Status Can Predict theIncidence and Outcome of Pseudoprogression After Concomitant Radiochemotherapy in Newly Diagnosed Glioblastoma
Patients"}},
 journal={{Journal of Clinical Oncology}},
 volume={26},
 year={2008},
 pages={2192-2197},
}

@ARTICLE{biopsy_1,
 author={L. Wang, Z. Li, C. Liu},
 title={{“Comparative assessment of three
methods to analyze MGMT methylation status in a series of
350 gliomas and gangliogliomas”}},
 journal={{Pathology-Research and Practice}},
 volume={213},
 year={2017},
 pages={1489-1493},
}

@ARTICLE{biopsy_2,
 author={N. R. Parker, A. L. Hudson, P. Khong},
 title={{“Intratumoral heterogeneity identified at the epigenetic, genetic and transcriptional level in glioblastoma”}},
 journal={{Scientific Reports}},
 volume={6},
 year={2016}
}

@ARTICLE{MRI_1,
 author={P. Y. Wen, D. R. Macdonald, D. A. Reardon},
 title={{“Updated
response assessment criteria for high-grade gliomas: response assessment in neuro-oncology working group”}},
 journal={{Journal of clinical oncology}},
 volume={28},
 year={2010}
}

@ARTICLE{MRI_2,
 author={L. Macyszyn, H. Akbari, J. M. Pisapia},
 title={{“Imaging patterns
predict patient survival and molecular subtype in glioblastoma
via machine learning techniques”}},
 journal={{Neuro-oncology}},
 volume={18},
 year={2015}
}

@ARTICLE{MRI_3,
 author={L. S. Hu, S. Ning, J. M. Eschbacher},
 title={{“Radiogenomics to
characterize regional genetic heterogeneity in glioblastoma,”}},
 journal={{Neuro-oncology}},
 volume={19},
 year={2017}
}

@ARTICLE{MRI_4,
 author={P. Lambin, E. Rios-Velazquez, R. Leijenaar},
 title={{“Radiomics:
extracting more information from medical images using
advanced feature analysis”}},
 journal={{European Journal of Cancer}},
 volume={48},
 year={2012}
}

@ARTICLE{MRI_5,
 author={H. J. Aerts, E. R. Velazquez, R. T. Leijenaar},
 title={{“Decoding tumour phenotype by noninvasive imaging using a quantitative radiomics approach”}},
 journal={{Nature Communications}},
 volume={5},
 year={2014}
}

@ARTICLE{DL_1,
 author={Y. LeCun, Y. Bengio, G. Hinton},
 title={{“Deep Learning”}},
 journal={{Nature}},
 volume={521},
 year={2015}
}

@ARTICLE{DL_2,
 author={Y. Yang, L. F. Yan, X. Zhang},
 title={{“Glioma grading on conventional MR images: a deep learning study with transfer
learning”}},
 journal={{Frontiers in Neuroscience}},
 volume={12},
 year={2018}
}

@ARTICLE{DL_3,
 author={A. Akay, H. Hess},
 title={{“Deep learning: current and emerging applications in medicine and technology”}},
 journal={{EEE journal of biomedical and health informatics}},
 volume={23},
 year={2019}
}

@ARTICLE{DL_4,
 author={G. S. Tandel, M. Biswas, O. G. Kakde},
 title={{“A review on a deep learning perspective in brain cancer classification”}},
 journal={{Cancers}},
 volume={11},
 year={2019}
}

@ARTICLE{DL_5,
 author={Drabycz S, Roldan G, De Robles P},
 title={{“An analysis of image texture,
tumor location, and MGMT promoter methylation in glioblastoma using magnetic resonance imaging”}},
 journal={{Neuroimage}},
 volume={49},
 year={2010}
}

@ARTICLE{DL_6,
 author={Korfiatis P, Kline TL, Coufalova L},
 title={{“MRI texture features as bio-
markers to predict MGMT methylation status in glioblastomas"}},
 journal={{Med Phys}},
 volume={43},
 year={2016}
}

@ARTICLE{Brats,
 author={U. Baid},
 title={{“The RSNA-ASNR-MICCAI BraTS 2021 Benchmark on Brain Tumor Segmentation and Radiogenomic Classification"}},
 journal={{arXiv}},
 year={2021}
}

@ARTICLE{seg_1,
 author={R. Cox, J. Ashburner, H. Breman, K. Fissell, C. Haselgrove, C. Holmes, J. Lancaster, D. Rex, S. Smith, J. Woodward},
 title={{“A (sort of) new image data format
standard: Nifti-1: We 150"}},
 journal={{Neuroimage}},
 volume={22},
 year={2004}
}

@ARTICLE{seg_2,
 author={T. Rohlfing, N. M. Zahr, E. V. Sullivan, A. Pfefferbaum},
 title={{“The sri24 multichannel atlas of normal adult human brain structure"}},
 journal={{Human Brain Mapping}},
 volume={31},
 year={2010}
}

@ARTICLE{seg_3,
 author={S. K. Warfield, K. H. Zou, W. M. Wells},
 title={{“Simultaneous truth and performance
level estimation (staple): an algorithm for the validation of image segmentation"}},
 journal={{EEE transactions on medical imaging}},
 volume={23},
 year={2004}
}

@ARTICLE{Unet,
 author={O. Ronneberger, Philipp Fischer, Thomas Brox},
 title={{“U-Net: Convolutional Networks for Biomedical
Image Segmentation"}},
 journal={{MICCAI}},
 volume={},
 year={2015}
}

@ARTICLE{resnet,
 author={K. He, X. Zhang, Shaoqing Ren, Jian Sun},
 title={{“Deep Residual Learning for Image Recognition"}},
 journal={{Proceedings of the IEEE Conference on Computer Vision and Pattern Recognition (CVPR)}},
 volume={},
 year={2015}
}

@ARTICLE{vcg19,
 author={K. Simonyan, A. Zisserman},
 title={{“VERY DEEP CONVOLUTIONAL NETWORKS
FOR LARGE-SCALE IMAGE RECOGNITION"}},
 journal={{ICLR}},
 volume={},
 year={2015}
}

@ARTICLE{effnet,
 author={M. Tan, Quoc V. Le},
 title={{“EfficientNet: Rethinking Model Scaling for Convolutional Neural Networks"}},
 journal={{ICML}},
 volume={},
 year={2019}
}

@ARTICLE{mnasnet,
 author={M. Tan, Bo Chen, Ruoming Pang, Vijay Vasudevan, Mark Sandler, Andrew Howard, Quoc V. Le},
 title={{“MnasNet: Platform-Aware Neural Architecture Search for Mobile"}},
 journal={{Proceedings of the IEEE Conference on Computer Vision and Pattern Recognition (CVPR)}},
 volume={},
 year={2019}
}










% --------------------------------------------------------------------------



% ------------------------------------------------------------------------

@ARTICLE{Sim90,
 author={A. Simoni\v{c}},
 title={Grupe Operatorjev s Pozitivnim Spektrom},
 year={1990},
}



% ------------------------------------------------------------------------
